@book{ross1996stochastic,
  title={Stochastic processes. 1996},
  author={Ross, Sheldon M},
  year={1996},
  publisher={Wiley, New York}
}

@article{feynman1948space,
  title={Space-Time Approach to Non-Relativistic Quantum Mechanics},
  author={Feynman, RP},
  journal={Reviews of Modern Physics},
  volume={20},
  number={2},
  pages={367--387},
  year={1948},
  publisher={American Physical Society}
}

@book{feynman2010quantum,
  title={Quantum mechanics and path integrals},
  author={Feynman, Richard P and Hibbs, Albert R and Styer, Daniel F},
  year={2010},
  publisher={Courier Corporation}
}
